@article{ForemanMackeyEtal2014,
author = {Foreman-Mackey, Daniel and Hogg, David W. and Morton, Timothy D.},
doi = {10.1088/0004-637X/795/1/64},
issn = {1538-4357},
journal = {Astrophys. J.},
language = {en},
month = {oct},
number = {1},
pages = {64},
publisher = {IOP Publishing},
title = {{EXOPLANET POPULATION INFERENCE AND THE ABUNDANCE OF EARTH ANALOGS FROM NOISY, INCOMPLETE CATALOGS}},
url = {http://iopscience.iop.org/article/10.1088/0004-637X/795/1/64},
volume = {795},
year = {2014}
}
